<record><leader>00000cas a22000007a 4500</leader><controlfield tag="001">1763428</controlfield><controlfield tag="008">751101d19371946mnuwr ne      0    0eng d</controlfield><controlfield tag="009">501</controlfield><datafield ind1=" " ind2=" " tag="010"><subfield code="a">sn 90060939 </subfield></datafield><datafield ind1=" " ind2=" " tag="040"><subfield code="a">MUL</subfield><subfield code="b">eng</subfield><subfield code="c">MUL</subfield><subfield code="d">MN#</subfield></datafield><datafield ind1="1" ind2=" " tag="029"><subfield code="a">AU@</subfield><subfield code="b">000025850066</subfield></datafield><datafield ind1=" " ind2=" " tag="042"><subfield code="a">msc</subfield></datafield><datafield ind1=" " ind2=" " tag="043"><subfield code="a">n-us-mn</subfield></datafield><datafield ind1=" " ind2=" " tag="052"><subfield code="a">4144</subfield><subfield code="b">N3</subfield></datafield><datafield ind1=" " ind2=" " tag="052"><subfield code="a">4143</subfield><subfield code="b">R2</subfield></datafield><datafield ind1="0" ind2=" " tag="130"><subfield code="a">Ramsey County news (New Brighton, Minn. : 1937)</subfield></datafield><datafield ind1="0" ind2="0" tag="245"><subfield code="a">Ramsey County news.</subfield></datafield><datafield ind1=" " ind2=" " tag="260"><subfield code="a">New Brighton, Minn. :</subfield><subfield code="b">[s.n.],</subfield><subfield code="c">1937-1946.</subfield></datafield><datafield ind1=" " ind2=" " tag="300"><subfield code="a">12 v.</subfield></datafield><datafield ind1=" " ind2=" " tag="310"><subfield code="a">Weekly</subfield></datafield><datafield ind1="0" ind2=" " tag="362"><subfield code="a">Vol. 6, no. 46 (Apr. 15, 1937)-v. 17, no. 22 (Aug. 15, 1946).</subfield></datafield><datafield ind1=" " ind2=" " tag="530"><subfield code="a">Available on microfilm from the Minnesota Historical Society.</subfield></datafield><datafield ind1=" " ind2=" " tag="752"><subfield code="a">United States</subfield><subfield code="b">Minnesota</subfield><subfield code="c">Ramsey</subfield><subfield code="d">New Brighton.</subfield></datafield><datafield ind1="0" ind2="0" tag="780"><subfield code="t">Ramsey County news consolidated with Midway messenger</subfield><subfield code="w">(DLC)sn 90060938</subfield></datafield><datafield ind1="0" ind2="4" tag="785"><subfield code="t">North St. Paul courier</subfield><subfield code="w">(DLC)sn 90060940</subfield></datafield></record>